@Book{Bass,
  author     = {Bass, Richard F.},
  publisher  = {Springer-Verlag, New York},
  title      = {Diffusions and elliptic operators},
  year       = {1998},
  isbn       = {0-387-98315-5},
  series     = {Probability and its Applications (New York)},
  mrclass    = {60J10 (35B99 35J99 35R60 60H07 60H10)},
  mrnumber   = {1483890},
  mrreviewer = {Elton Pei Hsu},
  pages      = {xiv+232},
}

@book {Bass2,
    AUTHOR = {Bass, Richard F.},
     TITLE = {Stochastic processes},
    SERIES = {Cambridge Series in Statistical and Probabilistic Mathematics},
    VOLUME = {33},
 PUBLISHER = {Cambridge University Press, Cambridge},
      YEAR = {2011},
     PAGES = {xvi+390},
      ISBN = {978-1-107-00800-7},
   MRCLASS = {60-01 (60Gxx 60Hxx 60J25 60J65)},
  MRNUMBER = {2856623},
MRREVIEWER = {Ren\'{e} L. Schilling},
       DOI = {10.1017/CBO9780511997044},
}

@Book{EvSDE,
  author     = {Evans, Lawrence C.},
  publisher  = {American Mathematical Society, Providence, RI},
  title      = {An introduction to stochastic differential equations},
  year       = {2013},
  isbn       = {978-1-4704-1054-4},
  doi        = {10.1090/mbk/082},
  mrclass    = {60H10 (35R60 60H05 60H30 60J65)},
  mrnumber   = {3154922},
  mrreviewer = {Jan I. Seidler},
  pages      = {viii+151},
  url        = {https://doi.org/10.1090/mbk/082},
}

@Book{KS,
  author    = {Karatzas, Ioannis and Shreve, Steven E.},
  publisher = {Springer-Verlag, New York},
  title     = {Brownian motion and stochastic calculus},
  year      = {1991},
  edition   = {Second},
  isbn      = {0-387-97655-8},
  series    = {Graduate Texts in Mathematics},
  volume    = {113},
  doi       = {10.1007/978-1-4612-0949-2},
  mrclass   = {60J65 (35K99 35R60 60G44 60H10 60J60)},
  mrnumber  = {1121940},
  pages     = {xxiv+470},
  url       = {https://doi.org/10.1007/978-1-4612-0949-2},
}

@book {MR3497465,
    AUTHOR = {Le Gall, Jean-Fran\c{c}ois},
     TITLE = {Brownian motion, martingales, and stochastic calculus},
    SERIES = {Graduate Texts in Mathematics},
    VOLUME = {274},
   EDITION = {French},
 PUBLISHER = {Springer, [Cham]},
      YEAR = {2016},
     PAGES = {xiii+273},
      ISBN = {978-3-319-31088-6; 978-3-319-31089-3},
   MRCLASS = {60H05 (60G07 60G44 60H10 60J25 60J55 60J65)},
  MRNUMBER = {3497465},
       DOI = {10.1007/978-3-319-31089-3},
}
		

@book {Mey,
    AUTHOR = {Meyer, Paul-A.},
     TITLE = {Probability and potentials},
 PUBLISHER = {Blaisdell Publishing Co. [Ginn and Co.], Waltham,
              Mass.-Toronto, Ont.-London},
      YEAR = {1966},
     PAGES = {xiii+266},
   MRCLASS = {60.00 (31.00)},
  MRNUMBER = {0205288},
MRREVIEWER = {J. G. Wendel},
}

@Book{Ok03,
  author    = {{\O}ksendal, Bernt},
  publisher = {Springer-Verlag, Berlin},
  title     = {Stochastic differential equations},
  year      = {2003},
  edition   = {Sixth},
  isbn      = {3-540-04758-1},
  note      = {An introduction with applications},
  series    = {Universitext},
  doi       = {10.1007/978-3-642-14394-6},
  mrclass   = {60H10 (60G44 60J60)},
  mrnumber  = {2001996},
  pages     = {xxiv+360},
  url       = {https://doi.org/10.1007/978-3-642-14394-6},
}

@book {RY,
    AUTHOR = {Revuz, Daniel and Yor, Marc},
     TITLE = {Continuous martingales and {B}rownian motion},
    SERIES = {Grundlehren der mathematischen Wissenschaften [Fundamental
              Principles of Mathematical Sciences]},
    VOLUME = {293},
   EDITION = {Third},
 PUBLISHER = {Springer-Verlag, Berlin},
      YEAR = {1999},
     PAGES = {xiv+602},
      ISBN = {3-540-64325-7},
   MRCLASS = {60G44 (60G07 60H05)},
  MRNUMBER = {1725357},
       DOI = {10.1007/978-3-662-06400-9}
}

@book {Wil,
    AUTHOR = {Williams, David},
     TITLE = {Probability with martingales},
    SERIES = {Cambridge Mathematical Textbooks},
 PUBLISHER = {Cambridge University Press, Cambridge},
      YEAR = {1991},
     PAGES = {xvi+251},
      ISBN = {0-521-40455-X; 0-521-40605-6},
   MRCLASS = {60-01 (60G42)},
  MRNUMBER = {1155402},
MRREVIEWER = {Jia Gang Wang},
       DOI = {10.1017/CBO9780511813658},
}